<?xml version="1.0" encoding="UTF-8"?>
  <record xmlns="http://www.loc.gov/MARC21/slim" type="Authority">
    <leader>00000nz  a2200000nc 4500</leader>
    <controlfield tag="001">119108542</controlfield>
    <controlfield tag="003">DE-101</controlfield>
    <controlfield tag="005">20220721175812.0</controlfield>
    <controlfield tag="008">930810n||azznnaabn           | aaa    |c</controlfield>
    <datafield tag="024" ind1="7" ind2=" ">
      <subfield code="a">119108542</subfield>
      <subfield code="0">http://d-nb.info/gnd/119108542</subfield>
      <subfield code="2">gnd</subfield>
    </datafield>
    <datafield tag="035" ind1=" " ind2=" ">
      <subfield code="a">(DE-101)119108542</subfield>
    </datafield>
    <datafield tag="035" ind1=" " ind2=" ">
      <subfield code="a">(DE-588)119108542</subfield>
    </datafield>
    <datafield tag="035" ind1=" " ind2=" ">
      <subfield code="z">(DE-588a)119108542</subfield>
      <subfield code="9">v:zg</subfield>
    </datafield>
    <datafield tag="035" ind1=" " ind2=" ">
      <subfield code="z">(DE-588c)4319216-6</subfield>
      <subfield code="9">v:zg</subfield>
    </datafield>
    <datafield tag="040" ind1=" " ind2=" ">
      <subfield code="a">DE-12</subfield>
      <subfield code="c">DE-12</subfield>
      <subfield code="9">r:DE-12</subfield>
      <subfield code="b">ger</subfield>
      <subfield code="d">9999</subfield>
    </datafield>
    <datafield tag="042" ind1=" " ind2=" ">
      <subfield code="a">gnd1</subfield>
    </datafield>
    <datafield tag="043" ind1=" " ind2=" ">
      <subfield code="c">XA-HU</subfield>
    </datafield>
    <datafield tag="065" ind1=" " ind2=" ">
      <subfield code="a">16.5p</subfield>
      <subfield code="2">sswd</subfield>
    </datafield>
    <datafield tag="075" ind1=" " ind2=" ">
      <subfield code="b">p</subfield>
      <subfield code="2">gndgen</subfield>
    </datafield>
    <datafield tag="075" ind1=" " ind2=" ">
      <subfield code="b">piz</subfield>
      <subfield code="2">gndspec</subfield>
    </datafield>
    <datafield tag="079" ind1=" " ind2=" ">
      <subfield code="a">g</subfield>
      <subfield code="q">a</subfield>
      <subfield code="q">e</subfield>
      <subfield code="q">f</subfield>
      <subfield code="q">s</subfield>
      <subfield code="u">v</subfield>
      <subfield code="u">w</subfield>
    </datafield>
    <datafield tag="100" ind1="0" ind2=" ">
      <subfield code="a">Gabriel</subfield>
      <subfield code="c">Siebenbürgen, Fürst, 1580-1629</subfield>
      <subfield code="d">1580-1629</subfield>
    </datafield>
    <datafield tag="375" ind1=" " ind2=" ">
      <subfield code="a">1</subfield>
      <subfield code="2">iso5218</subfield>
    </datafield>
    <datafield tag="400" ind1="1" ind2=" ">
      <subfield code="a">Bethlen, Gábor</subfield>
      <subfield code="d">1580-1629</subfield>
    </datafield>
    <datafield tag="400" ind1="1" ind2=" ">
      <subfield code="a">Bethlen, Gábor Iktár</subfield>
      <subfield code="d">1580-1629</subfield>
    </datafield>
    <datafield tag="400" ind1="1" ind2=" ">
      <subfield code="a">Bethlen, Gabriel</subfield>
      <subfield code="d">1580-1629</subfield>
    </datafield>
    <datafield tag="400" ind1="1" ind2=" ">
      <subfield code="a">Bethlen, Gabriel Iktar</subfield>
      <subfield code="d">1580-1629</subfield>
    </datafield>
    <datafield tag="400" ind1="0" ind2=" ">
      <subfield code="a">Bethlen Gábor</subfield>
      <subfield code="c">Siebenbürgen, Fürst</subfield>
      <subfield code="d">1580-1629</subfield>
    </datafield>
    <datafield tag="400" ind1="1" ind2=" ">
      <subfield code="a">Bethlen von Iktár, Gábor</subfield>
      <subfield code="d">1580-1629</subfield>
    </datafield>
    <datafield tag="400" ind1="1" ind2=" ">
      <subfield code="a">Bethlen von Iktar, Gabriel</subfield>
      <subfield code="d">1580-1629</subfield>
    </datafield>
    <datafield tag="400" ind1="1" ind2=" ">
      <subfield code="a">Bethlehem, Gabor</subfield>
      <subfield code="d">1580-1629</subfield>
    </datafield>
    <datafield tag="400" ind1="1" ind2=" ">
      <subfield code="a">Bethlem, Gabor</subfield>
      <subfield code="d">1580-1629</subfield>
    </datafield>
    <datafield tag="400" ind1="1" ind2=" ">
      <subfield code="a">Betlem, Gabor</subfield>
      <subfield code="d">1580-1629</subfield>
    </datafield>
    <datafield tag="400" ind1="1" ind2=" ">
      <subfield code="a">Bethlehem, Gabriel</subfield>
      <subfield code="d">1580-1629</subfield>
    </datafield>
    <datafield tag="400" ind1="1" ind2=" ">
      <subfield code="a">Betlehn, Gabriel</subfield>
      <subfield code="d">1580-1629</subfield>
    </datafield>
    <datafield tag="400" ind1="1" ind2=" ">
      <subfield code="a">Betlen, Gabriel</subfield>
      <subfield code="d">1580-1629</subfield>
    </datafield>
    <datafield tag="400" ind1="0" ind2=" ">
      <subfield code="a">Gábor</subfield>
      <subfield code="c">Siebenbürgen, Fürst, 1580-1629</subfield>
      <subfield code="d">1580-1629</subfield>
    </datafield>
    <datafield tag="400" ind1="1" ind2=" ">
      <subfield code="a">Gabor, Bethlem</subfield>
      <subfield code="d">1580-1629</subfield>
    </datafield>
    <datafield tag="400" ind1="1" ind2=" ">
      <subfield code="a">Gabor, Bethlen</subfield>
      <subfield code="d">1580-1629</subfield>
    </datafield>
    <datafield tag="400" ind1="1" ind2=" ">
      <subfield code="a">Gaber, Bethlen</subfield>
      <subfield code="d">1580-1629</subfield>
    </datafield>
    <datafield tag="400" ind1="1" ind2=" ">
      <subfield code="a">Gabor, Betlem</subfield>
      <subfield code="d">1580-1629</subfield>
    </datafield>
    <datafield tag="400" ind1="0" ind2=" ">
      <subfield code="a">Gábor Bethlen</subfield>
      <subfield code="c">Siebenbürgen, Fürst</subfield>
      <subfield code="d">1580-1629</subfield>
    </datafield>
    <datafield tag="400" ind1="0" ind2=" ">
      <subfield code="a">Gabriel</subfield>
      <subfield code="c">Bethlehemius</subfield>
      <subfield code="d">1580-1629</subfield>
    </datafield>
    <datafield tag="400" ind1="0" ind2=" ">
      <subfield code="a">Gabriel</subfield>
      <subfield code="c">Bethlen</subfield>
      <subfield code="d">1580-1629</subfield>
    </datafield>
    <datafield tag="400" ind1="0" ind2=" ">
      <subfield code="a">Gabriel</subfield>
      <subfield code="c">Bethlenius</subfield>
      <subfield code="d">1580-1629</subfield>
    </datafield>
    <datafield tag="400" ind1="0" ind2=" ">
      <subfield code="a">Gabriel Bethlen</subfield>
      <subfield code="c">Transsylvania, Princeps</subfield>
      <subfield code="d">1580-1629</subfield>
    </datafield>
    <datafield tag="400" ind1="0" ind2=" ">
      <subfield code="a">Gábor</subfield>
      <subfield code="c">Erdély, Fejedelem</subfield>
      <subfield code="d">1580-1629</subfield>
    </datafield>
    <datafield tag="400" ind1="1" ind2=" ">
      <subfield code="a">Gábor &lt;Erdély, Fejedelem</subfield>
      <subfield code="c">Fürst von Siebenbürgen</subfield>
      <subfield code="d">1580-1629</subfield>
    </datafield>
    <datafield tag="400" ind1="1" ind2=" ">
      <subfield code="a">Bethlen, Gábor</subfield>
      <subfield code="c">Fürst von Siebenbürgen</subfield>
      <subfield code="d">1580-1629</subfield>
    </datafield>
    <datafield tag="400" ind1="1" ind2=" ">
      <subfield code="a">Bethlem, Gábor</subfield>
      <subfield code="c">Fürst von Siebenbürgen</subfield>
      <subfield code="d">1580-1629</subfield>
    </datafield>
    <datafield tag="400" ind1="1" ind2=" ">
      <subfield code="a">Bethlehem, Gabriel</subfield>
      <subfield code="c">Fürst von Siebenbürgen</subfield>
      <subfield code="d">1580-1629</subfield>
    </datafield>
    <datafield tag="400" ind1="0" ind2=" ">
      <subfield code="a">Gabriel Bethlen</subfield>
      <subfield code="c">Fürst von Siebenbürgen</subfield>
      <subfield code="d">1580-1629</subfield>
    </datafield>
    <datafield tag="400" ind1="0" ind2=" ">
      <subfield code="a">Gabor</subfield>
      <subfield code="c">Bethlehem</subfield>
      <subfield code="d">1580-1629</subfield>
    </datafield>
    <datafield tag="400" ind1="0" ind2=" ">
      <subfield code="a">Bethlen-Gabor</subfield>
      <subfield code="d">1580-1629</subfield>
    </datafield>
    <datafield tag="400" ind1="1" ind2=" ">
      <subfield code="a">Gabor, Bethlehem</subfield>
      <subfield code="d">1580-1629</subfield>
    </datafield>
    <datafield tag="400" ind1="1" ind2=" ">
      <subfield code="a">Gabor, Betlehem</subfield>
      <subfield code="d">1580-1629</subfield>
    </datafield>
    <datafield tag="400" ind1="1" ind2=" ">
      <subfield code="a">Gabor, Betlehm</subfield>
      <subfield code="d">1580-1629</subfield>
    </datafield>
    <datafield tag="400" ind1="1" ind2=" ">
      <subfield code="a">Gabor, Betlehn</subfield>
      <subfield code="d">1580-1629</subfield>
    </datafield>
    <datafield tag="400" ind1="1" ind2=" ">
      <subfield code="a">Bethlen, Gabor Iktar</subfield>
      <subfield code="d">1580-1629</subfield>
    </datafield>
    <datafield tag="400" ind1="1" ind2=" ">
      <subfield code="a">Bethlen von Iktar, Gabor</subfield>
      <subfield code="d">1580-1629</subfield>
    </datafield>
    <datafield tag="400" ind1="1" ind2=" ">
      <subfield code="a">Bethlem, Gabriel</subfield>
      <subfield code="d">1580-1629</subfield>
    </datafield>
    <datafield tag="400" ind1="1" ind2=" ">
      <subfield code="a">Bethlen-Gabor, Gabriel</subfield>
      <subfield code="d">1580-1629</subfield>
    </datafield>
    <datafield tag="400" ind1="1" ind2=" ">
      <subfield code="a">Bethlenius, Gabriel</subfield>
      <subfield code="d">1580-1629</subfield>
    </datafield>
    <datafield tag="500" ind1="1" ind2=" ">
      <subfield code="a">Bethlen, Farkas</subfield>
      <subfield code="4">bezf</subfield>
      <subfield code="4">https://d-nb.info/standards/elementset/gnd#familialRelationship</subfield>
      <subfield code="w">r</subfield>
      <subfield code="i">Beziehung familiaer</subfield>
      <subfield code="e">Beziehung familiaer</subfield>
      <subfield code="9">v:Vater</subfield>
      <subfield code="9">Z:1530-1590</subfield>
    </datafield>
    <datafield tag="500" ind1="1" ind2=" ">
      <subfield code="0">(DE-101)103396347X</subfield>
      <subfield code="0">(DE-588)103396347X</subfield>
      <subfield code="0">https://d-nb.info/gnd/103396347X</subfield>
      <subfield code="a">Bethlen, István</subfield>
      <subfield code="d">1582-1648</subfield>
      <subfield code="4">bezf</subfield>
      <subfield code="4">https://d-nb.info/standards/elementset/gnd#familialRelationship</subfield>
      <subfield code="w">r</subfield>
      <subfield code="i">Beziehung familiaer</subfield>
      <subfield code="e">Beziehung familiaer</subfield>
      <subfield code="9">v:Bruder</subfield>
    </datafield>
    <datafield tag="500" ind1="0" ind2=" ">
      <subfield code="0">(DE-101)104139455</subfield>
      <subfield code="0">(DE-588)104139455</subfield>
      <subfield code="0">https://d-nb.info/gnd/104139455</subfield>
      <subfield code="a">Katharina</subfield>
      <subfield code="c">Sachsen-Lauenburg, Herzogin</subfield>
      <subfield code="d">1602-1649</subfield>
      <subfield code="4">bezf</subfield>
      <subfield code="4">https://d-nb.info/standards/elementset/gnd#familialRelationship</subfield>
      <subfield code="w">r</subfield>
      <subfield code="i">Beziehung familiaer</subfield>
      <subfield code="e">Beziehung familiaer</subfield>
      <subfield code="9">v:Ehefrau</subfield>
    </datafield>
    <datafield tag="548" ind1=" " ind2=" ">
      <subfield code="a">1580-1629</subfield>
      <subfield code="4">datl</subfield>
      <subfield code="4">https://d-nb.info/standards/elementset/gnd#dateOfBirthAndDeath</subfield>
      <subfield code="w">r</subfield>
      <subfield code="i">Lebensdaten</subfield>
    </datafield>
    <datafield tag="550" ind1=" " ind2=" ">
      <subfield code="0">(DE-101)041556038</subfield>
      <subfield code="0">(DE-588)4155603-3</subfield>
      <subfield code="0">https://d-nb.info/gnd/4155603-3</subfield>
      <subfield code="a">Fürst</subfield>
      <subfield code="4">adel</subfield>
      <subfield code="4">https://d-nb.info/standards/elementset/gnd#titleOfNobility</subfield>
      <subfield code="w">r</subfield>
      <subfield code="i">Adelstitel</subfield>
      <subfield code="9">v:Siebenbürgen</subfield>
    </datafield>
    <datafield tag="551" ind1=" " ind2=" ">
      <subfield code="a">Ilia</subfield>
      <subfield code="4">ortg</subfield>
      <subfield code="4">https://d-nb.info/standards/elementset/gnd#placeOfBirth</subfield>
      <subfield code="w">r</subfield>
      <subfield code="i">Geburtsort</subfield>
    </datafield>
    <datafield tag="551" ind1=" " ind2=" ">
      <subfield code="0">(DE-101)999301462</subfield>
      <subfield code="0">(DE-588)7686500-9</subfield>
      <subfield code="0">https://d-nb.info/gnd/7686500-9</subfield>
      <subfield code="a">Biograd</subfield>
      <subfield code="4">orts</subfield>
      <subfield code="4">https://d-nb.info/standards/elementset/gnd#placeOfDeath</subfield>
      <subfield code="w">r</subfield>
      <subfield code="i">Sterbeort</subfield>
    </datafield>
    <datafield tag="667" ind1=" " ind2=" ">
      <subfield code="a">384</subfield>
    </datafield>
    <datafield tag="667" ind1=" " ind2=" ">
      <subfield code="a">12</subfield>
    </datafield>
    <datafield tag="667" ind1=" " ind2=" ">
      <subfield code="a">7</subfield>
    </datafield>
    <datafield tag="667" ind1=" " ind2=" ">
      <subfield code="a">VD-17</subfield>
    </datafield>
    <datafield tag="667" ind1=" " ind2=" ">
      <subfield code="a">Red. SSG</subfield>
    </datafield>
    <datafield tag="670" ind1=" " ind2=" ">
      <subfield code="a">Wikipedia</subfield>
      <subfield code="u">https://de.wikipedia.org/wiki/Gabriel_Bethlen</subfield>
    </datafield>
    <datafield tag="672" ind1=" " ind2="0">
      <subfield code="a">Vertrag &lt;1620.01.16&gt;</subfield>
      <subfield code="f">1620</subfield>
    </datafield>
    <datafield tag="672" ind1=" " ind2="0">
      <subfield code="a">Copia Eines Schreibens, so Bethlen Gabor den ersten Aprilis Anno 1621 ..</subfield>
      <subfield code="f">1621</subfield>
    </datafield>
    <datafield tag="672" ind1=" " ind2="0">
      <subfield code="a">Domini Georgii Chezii recta animi affectio, et Gabrielis Bethlehemii diabolica infidelitas</subfield>
      <subfield code="f">1621</subfield>
    </datafield>
    <datafield tag="672" ind1=" " ind2="0">
      <subfield code="a">Gabrielis Bethlenii principatus Transsilvaniae coaevis documentis illustratus</subfield>
      <subfield code="f">1816</subfield>
    </datafield>
    <datafield tag="672" ind1=" " ind2="0">
      <subfield code="a">Oklevéltár Bethlen Gábor diplomácziai összeköttetései történetéhez</subfield>
      <subfield code="f">1886</subfield>
    </datafield>
    <datafield tag="672" ind1=" " ind2="0">
      <subfield code="a">Politikai levelek</subfield>
    </datafield>
    <datafield tag="678" ind1=" " ind2=" ">
      <subfield code="b">Fürst von Siebenbürgen, reg. ab 1613; Gründer der Akademie in Alba Julia (Gyulafehévár, dt. Weißenburg)</subfield>
    </datafield>
    <datafield tag="913" ind1=" " ind2=" ">
      <subfield code="S">pnd</subfield>
      <subfield code="i">5</subfield>
      <subfield code="a">Gábor &lt;Erdély, Fejedelem&gt;</subfield>
      <subfield code="0">(DE-588a)119108542</subfield>
    </datafield>
    <datafield tag="913" ind1=" " ind2=" ">
      <subfield code="S">pnd</subfield>
      <subfield code="i">5</subfield>
      <subfield code="a">Gabriel &lt;Siebenbürgen, Fürst, 1580-1629&gt;</subfield>
      <subfield code="0">(DE-588a)119108542</subfield>
    </datafield>
  </record>
